:20:STMT20260418001
:25:NL91ABNA0417164300 EUR
:28C:00042/001
:60F:C260401EUR10000,00
:61:2604030403C1815,00N029NONREF//A001
:86:INV-0001 Acme Widgets BV NL02RABO0123456789
:61:2604050405D1500,00N029NONREF//A002
:86:Rent April 2026 Rent NL BV NL22RABO0555555555
:61:2604080408D49,00N064NONREF//A003
:86:SaaS subscription Figma Inc
:61:2604120412C605,00N029NONREF//A004
:86:INV-0002 Jane Doe Freelance NL65INGB0001234567
:62F:C260418EUR10871,00
-
